<record><leader>00000cas a2200000 a 4500</leader><controlfield tag="001">13201883</controlfield><controlfield tag="008">860226d19231953wvuwr ne      0    0eng c</controlfield><datafield ind1=" " ind2=" " tag="010"><subfield code="a">sn 86092300 </subfield></datafield><datafield ind1=" " ind2=" " tag="040"><subfield code="a">WVC</subfield><subfield code="b">eng</subfield><subfield code="c">WVC</subfield><subfield code="d">OCL</subfield><subfield code="d">CUI</subfield><subfield code="d">OCLCQ</subfield><subfield code="d">OCLCF</subfield></datafield><datafield ind1=" " ind2=" " tag="042"><subfield code="a">pcc</subfield></datafield><datafield ind1=" " ind2=" " tag="043"><subfield code="a">n-us-wv</subfield></datafield><datafield ind1=" " ind2="4" tag="050"><subfield code="a">AN</subfield></datafield><datafield ind1="0" ind2=" " tag="130"><subfield code="a">Sunday register (Beckley, W. Va. : 1923)</subfield></datafield><datafield ind1="1" ind2="4" tag="245"><subfield code="a">The Sunday register.</subfield></datafield><datafield ind1=" " ind2=" " tag="260"><subfield code="a">Beckley, W. Va. :</subfield><subfield code="b">Raleigh Register, Inc.,</subfield><subfield code="c">1923-1953.</subfield></datafield><datafield ind1=" " ind2=" " tag="300"><subfield code="a">v.</subfield></datafield><datafield ind1=" " ind2=" " tag="310"><subfield code="a">Weekly</subfield></datafield><datafield ind1="0" ind2=" " tag="362"><subfield code="a">Vol. 43, no. 9 (June 3, 1923)-v. 74, no. 148 (Dec. 13, 1953).</subfield></datafield><datafield ind1=" " ind2=" " tag="500"><subfield code="a">Editor: A.S. Johnston, Jr.</subfield></datafield><datafield ind1=" " ind2="0" tag="651"><subfield code="a">Beckley (W. Va.)</subfield><subfield code="v">Newspapers.</subfield></datafield><datafield ind1=" " ind2="7" tag="655"><subfield code="a">Newspapers.</subfield><subfield code="2">fast</subfield><subfield code="0">(OCoLC)fst01423814</subfield></datafield><datafield ind1=" " ind2="7" tag="651"><subfield code="a">West Virginia</subfield><subfield code="z">Beckley.</subfield><subfield code="2">fast</subfield><subfield code="0">(OCoLC)fst01213379</subfield></datafield><datafield ind1=" " ind2=" " tag="752"><subfield code="a">United States</subfield><subfield code="b">West Virginia</subfield><subfield code="c">Raleigh</subfield><subfield code="d">Beckley.</subfield></datafield><datafield ind1="0" ind2=" " tag="775"><subfield code="t">Raleigh register (Beckley, W. Va.)</subfield><subfield code="w">(DLC)sn 86092267</subfield><subfield code="w">(OCoLC)13196345</subfield></datafield><datafield ind1="0" ind2="4" tag="785"><subfield code="t">Beckley post herald &amp; Raleigh register</subfield><subfield code="w">(DLC)sn 86092271</subfield><subfield code="w">(OCoLC)13196460</subfield></datafield></record>